<record><leader>00000cas a2200000 a 4500</leader><controlfield tag="001">50523554</controlfield><controlfield tag="008">020902u1980uuuucauwr ne      0    0peroc</controlfield><datafield ind1=" " ind2=" " tag="010"><subfield code="a">  2002223074</subfield></datafield><datafield ind1=" " ind2=" " tag="040"><subfield code="a">CLU</subfield><subfield code="b">eng</subfield><subfield code="c">CLU</subfield><subfield code="d">CLU</subfield><subfield code="d">OCLCQ</subfield><subfield code="d">OCLCF</subfield></datafield><datafield ind1="1" ind2=" " tag="029"><subfield code="a">AU@</subfield><subfield code="b">000024051373</subfield></datafield><datafield ind1="1" ind2=" " tag="029"><subfield code="a">NLGGC</subfield><subfield code="b">375549927</subfield></datafield><datafield ind1=" " ind2=" " tag="042"><subfield code="a">pcc</subfield></datafield><datafield ind1=" " ind2=" " tag="043"><subfield code="a">a-ir---</subfield></datafield><datafield ind1="0" ind2=" " tag="130"><subfield code="a">Paya&#772;m-i I&#772;ra&#772;n (Glendale, Calif.)</subfield></datafield><datafield ind1="1" ind2="0" tag="245"><subfield code="a">Paya&#772;m-i I&#772;ra&#772;n.</subfield></datafield><datafield ind1="1" ind2="3" tag="246"><subfield code="a">Payame Iran</subfield></datafield><datafield ind1="1" ind2=" " tag="246"><subfield code="i">Issues for &lt;Nov. 1986-&gt; also called:</subfield><subfield code="a">Payam Iran</subfield></datafield><datafield ind1="1" ind2=" " tag="246"><subfield code="i">Issues for &lt;Apr. 1988-&gt; also called:</subfield><subfield code="a">Payam-e-Iran</subfield></datafield><datafield ind1=" " ind2=" " tag="260"><subfield code="a">Glendale, Calif. :</subfield><subfield code="b">Paya&#772;m I&#772;ra&#772;n,</subfield><subfield code="c">1980-</subfield></datafield><datafield ind1=" " ind2=" " tag="300"><subfield code="a">v. :</subfield><subfield code="b">ill. ;</subfield><subfield code="c">37-58 cm.</subfield></datafield><datafield ind1=" " ind2=" " tag="310"><subfield code="a">Weekly</subfield></datafield><datafield ind1="0" ind2=" " tag="362"><subfield code="a">Shuma&#772;rah-i 2 (Nov. 1, 1980)-</subfield></datafield><datafield ind1=" " ind2=" " tag="500"><subfield code="a">Title from caption.</subfield></datafield><datafield ind1=" " ind2=" " tag="500"><subfield code="a">Published: Beverly Hills, CA, 1986- ; Tarzana, CA, 1988 - ; Canoga Park, CA : 1992-</subfield></datafield><datafield ind1=" " ind2=" " tag="588"><subfield code="a">Latest issue consulted: Dawrah-i ta&#772;zah, shuma&#772;rah-i 34 (8/9/1993) = Shuma&#772;rah-i paya&#772;pay 445.</subfield></datafield><datafield ind1=" " ind2="0" tag="651"><subfield code="a">Iran</subfield><subfield code="v">Newspapers.</subfield></datafield><datafield ind1=" " ind2="7" tag="655"><subfield code="a">Newspapers.</subfield><subfield code="2">fast</subfield><subfield code="0">(OCoLC)fst01423814</subfield></datafield><datafield ind1=" " ind2="7" tag="651"><subfield code="a">Iran.</subfield><subfield code="2">fast</subfield><subfield code="0">(OCoLC)fst01204889</subfield></datafield><datafield ind1=" " ind2=" " tag="752"><subfield code="a">United States</subfield><subfield code="b">California</subfield><subfield code="c">Los Angeles</subfield><subfield code="d">Glendale.</subfield></datafield><datafield ind1="0" ind2="0" tag="780"><subfield code="t">Haftagi&#772;-yi paya&#772;m-i I&#772;ra&#772;n</subfield><subfield code="w">(DLC)  2002223075</subfield><subfield code="w">(OCoLC)50523546</subfield></datafield></record>